% Матем. сб.
% Александров Павел Сергеевич 
% cb2Bib 1.4.9
@article{Alexandroff37,
title        = {{Diskrete R{\"a}ume}},
author       = {P. S. Alexandroff},
journal      = {Rec. Math. (Mat. Sb.XXX)},
pages        = {501 - 519},
volume       = {2},
number = {3},
year         = {1937}
}

@MISC {178993,
    TITLE = {Where to find (personal) motivation},
    AUTHOR = {C. Westerland},
    HOWPUBLISHED = {MathOverflow},
    NOTE = {\newline\mbox{\url{http://mathoverflow.net/q/178993}} [dostęp: 21 sierpnia 2014]},
    EPRINT = {http://mathoverflow.net/q/178993},
    URL = {http://mathoverflow.net/q/178993}
}

% cb2Bib 1.4.9
@article{Stong66,
title        = {Finite topological spaces},
author       = {R. E. Stong},
journal      = {Trans. Amer. Math. Soc.},
pages        = {325 - 340},
volume       = {123},
year         = {1966}
}

% cb2Bib 1.4.9
@article{Barmak12,
title        = {Strong homotopy types, nerves and collapses},
author       = {J. A. Barmak and E. G. Minian},
journal      = {Discrete Comput. Geom.},
pages        = {301 - 328},
number = {2},
volume       = {47},
year         = {2012}
}

% cb2Bib 1.4.9
@article{Forman98,
title        = {Morse theory for cell complexes},
author       = {R. Forman},
journal      = {Adv. Math.},
pages        = {90 - 145},
volume       = {134},
number = {1},
year         = {1998},
doi          = {10.1006/aima.1997.1650}
}

% cb2Bib 1.4.9
@article{Forman02,
title        = {A user’s guide to discrete {M}orse theory},
author       = {R. Forman},
journal      = {S{\'e}m. Lothar. Combin.},
pages        = {{paper B48c, 35 pp.}},
volume       = {48},
year         = {2002}
}

% cb2Bib 1.4.9
@unpublished{Adiprasito13,
title        = {Metric geometry, convexity and collapsibility},
author       = {K. Adiprasito and B. Benedetti.},
note      = {Preprint. arXiv:1107.5789v4}
}

% cb2Bib 1.4.9
@article{Okhezin95,
title        = {On the fixed-point theory for non-compact maps and spaces. {I}},
author       = {V. Okhezin},
journal      = {Top. Meth. Nonlin. Anal.},
pages        = {83 - 100},
number = {1},
volume       = {5},
year         = {1995}
}

% cb2Bib 1.4.9
@book{Schroder03,
title        = {Ordered sets: An introduction},
author       = {B. S. W. Schr{\"o}der},
year         = {2003},
publisher    = {Birkh{\"a}user Boston},
address = { Boston, MA}
}

% cb2Bib 1.4.9
@article{Baclawski12,
title        = {A combinatorial proof of a fixed point property},
author       = {K. Baclawski},
journal      = {J. Combin Theory Ser. A},
pages        = {994 - 1013},
volume       = {119},
number = {5},
year         = {2012}
}

% cb2Bib 1.4.9
@article{Roddy94,
title        = {Fixed points and products},
author       = {M. S. Roddy},
journal      = {Order},
pages        = {11 - 14},
volume       = {11},
number = {1},
year         = {1994}
}

% cb2Bib 1.4.9
@article{Brown82,
title        = {The fixed point property and {C}artesian products},
author       = {R. F. Brown},
journal      = {Amer. Math. Monthly},
pages        = {654 - 678},
volume       = {89},
number = {9},
year         = {1982}
}

% cb2Bib 1.4.9
@article{Baclawski81,
title        = {{Fixed points and complements in finite lattices}},
author       = {K. Baclawski and A. Bj{\"o}rner},
journal      = {J. Combin. Theory Ser. A},
pages        = {335 - 338},
number = {3},
volume       = {30},
year         = {1981}
}

% cb2Bib 1.4.9
@article{Bjorner81,
title        = {{Homotopy type of posets and lattice complementation}},
author       = {A. Bj{\"o}rner},
journal      = {J. Combin. Theory Ser. A},
pages        = {90 - 100},
number = {1},
volume       = {30},
year         = {1981}
}

% cb2Bib 1.4.9
@article{Nowakowski79,
title        = {{Fixed-edge theorem for graphs with loops}},
author       = {R. Nowakowski and I. Rival},
journal      = {J. Graph Theory},
pages        = {339 - 350},
volume       = {3},
number = {4},
year         = {1979},
doi          = {10.1002/jgt.3190030404}
}

% cb2Bib 1.4.9
@article{Polat96,
title        = {{Finite invariant sets in infinite graphs}},
author       = {N. Polat},
journal      = {Discrete Math.},
pages        = {211 - 221},
number = {1-3},
volume       = {158},
year         = {1996}
}

% cb2Bib 1.4.9
@article{Polat94,
title        = {{Fixed elements of infinite trees}},
author       = {N. Polat and G. Sabidussi},
journal      = {Discrete Math.},
pages        = {97 - 102},
number = {1-3},
volume       = {130},
year         = {1994}
}

% cb2Bib 1.4.9
@article{Polat12,
title        = {Weak geodesic topology and fixed finite subgraph theorems in infinite partial cubes {II}. {F}ixed subgraph properties and infinite treelike partial cubes},
author       = {N. Polat},
journal      = {Discrete Math.},
number = {1},
pages        = {61 - 73},
volume       = {312},
year         = {2012}
}

% cb2Bib 1.4.9
@mastersthesis{Kukiela10,
title        = {Typy homotopijne przestrzeni {A}leksandrowa},
author       = {M. Kukie{\l}a},
school  = {XXXUniwersytet Miko{\l}aja Kopernika w Toruniu},
year         = {2010}
}

% cb2Bib 1.4.9
@article{Ayala11,
title        = {{Discrete gradient fields on infinite complexes}},
author       = {R. Ayala and J. A. Vilches and G. Jer{\v{s}}e and N. M. Kosta},
journal      = {Discrete Contin. Dyn. Syst.},
pages        = {623 - 639},
volume       = {30},
number = {3},
year         = {2011}
}

% cb2Bib 1.4.9
@article{Ayala07,
title        = {{Morse inequalities on certain infinite 2-complexes}},
author       = {R. Ayala and L. M. Fern{\'a}ndez and J. A. Vilches},
journal      = {Glasg. Math. J.},
pages        = {155 - 165},
number = {2},
volume       = {49},
year         = {2007}
}

% cb2Bib 1.4.9
@article{Ayala09,
title        = {{Discrete {M}orse inequalities on infinite graphs}},
author       = {R. Ayala and L. M. Fern{\'a}ndez and J. A. Vilches},
journal      = {Electron. J. Combin.},
pages = {{paper \#R38, 11 pp.}},
volume       = {16},
number = {1},
url = {http://www.combinatorics.org/ojs/index.php/eljc/article/view/v16i1r38},
year         = {2009}
}

% cb2Bib 1.4.9
@article{Ayala10,
title        = {{The number of critical elements of discrete {M}orse functions on non-compact surfaces}},
author       = {R. Ayala and L. M. Fern{\'a}ndez and J. A. Vilches},
journal      = {Topology Appl.},
pages        = {90 - 101},
volume       = {157},
number = {1},
year         = {2010}
}

% cb2Bib 1.4.9
@book{Cohen73,
title        = {{A course in simple homotopy theory}},
author       = {M. M. Cohen},
series       = {Grad. Texts in Math.},
year         = {1973},
address = {New York / Berlin},
publisher    = {Springer}
}

% cb2Bib 1.4.9
@article{Minian12,
title        = {{Some remarks on {M}orse theory for posets, homological {M}orse theory and finite manifolds}},
author       = {E. G. Minian},
journal      = {Topology Appl.},
pages        = {2860 - 2869},
volume       = {159},
number = {12},
year         = {2012},
doi          = {10.1016/j.topol.2012.05.027}
}

% cb2Bib 1.4.9
@article{Kukiela10a,
title        = {{On homotopy types of {A}lexandroff spaces}},
author       = {M. Kukie{\l}a},
journal      = {Order},
pages        = {9 - 21},
volume       = {27},
number = {1},
year         = {2010}
}

% cb2Bib 1.4.9
@article{Kukiela13,
title        = {The main theorem of discrete {M}orse theory for {M}orse matchings with finitely many rays},
author       = {M. Kukie{\l}a},
journal      = {Topology Appl.},
pages        = {1074 - 1082},
volume       = {160},
number = {9},
year         = {2013}
}

% cb2Bib 1.4.9
@article{Harker13,
title        = {{Discrete {M}orse theoretic algorithms for computing homology of complexes and maps}},
author       = {S. Harker and K. Mischaikow and M. Mrozek and V. Nanda},
journal      = {Found. Comput. Math.},
year         = {2014},
volume = {14},
number = {1},
pages = {151-184}
}


% cb2Bib 1.4.9
@article{Kahn84,
title        = {{A topological approach to evasiveness}},
author       = {J. Kahn and M. Saks and D. Sturtevant},
journal      = {Combinatorica},
pages        = {297 - 306},
volume       = {4},
number = {4},
year         = {1984}
}

% cb2Bib 1.4.9
@unpublished{Benedetti13,
title        = {{Smoothing discrete {M}orse theory}},
author       = {B. Benedetti},
note         = {Preprint. arXiv:1212.0885v3}
}

% cb2Bib 1.4.9
@article{Halin73,
title        = {{Automorphisms and endomorphisms of infinite locally finite graphs}},
author       = {R. Halin},
journal      = {Abh. Math. Semin. Univ. Hambg.},
pages        = {251 - 283},
volume       = {39},
year         = {1973}
}

% cb2Bib 1.4.9
@book{Hughes96,
title        = {{Ends of complexes}},
author       = {B. Hughes and A. Ranicki},
series       = {Cambridge Tracts in Math.},
volume = {123},
year         = {1996},
publisher    = {Cambridge University Press},
address = {Cambridge}
}

% cb2Bib 1.4.9
@article{Bowszyc68,
title        = {{Fixed point theorems for the pairs of spaces}},
author       = {C. Bowszyc},
journal      = {Bull. Acad. Polon. S{\'e}r Sci. Math.},
pages        = {845 - 850},
volume       = {16},
year         = {1968}
}

% cb2Bib 1.4.9
@book{Geoghegan08,
title        = {{Topological methods in group theory}},
author       = {R. Geoghegan},
series       = {Grad. Texts in Math.},
volume       = {243},
year         = {2008},
address = {New York},
publisher    = {Springer}
}

% cb2Bib 1.4.9
@article{Schroder00,
title        = {{Uniqueness of the core for chain-complete ordered sets}},
author       = {B. S. W. Schr{\"o}der},
journal      = {Order},
pages        = {207 - 214},
number = {3},
volume       = {17},
year         = {2000}
}

% cb2Bib 1.4.9
@article{Farley97,
title        = {{Perfect sequences of chain-complete posets}},
author       = {J. D. Farley},
journal      = {Discrete Math.},
pages        = {271 - 296},
volume       = {167/168},
year         = {1997}
}

% cb2Bib 1.4.9
@article{Polat03,
title        = {{On dually compact closed classes of graphs and BFS-constructible graphs}},
author       = {N. Polat},
journal      = {Discuss. Math. Graph Theory},
pages        = {365 - 381},
number={2},
volume       = {23},
year         = {2003}
}

% cb2Bib 1.4.9
@article{Polat03a,
title        = {{On constructible graphs, locally Helly graphs, and convexity}},
author       = {N. Polat},
journal      = {J.~Graph Theory},
pages        = {280 - 298},
volume       = {43},
number = {4},
year         = {2003},
doi          = {10.1002/jgt.10120}
}

% cb2Bib 1.4.9
@article{Chastand00,
title        = {{On constructible graphs, infinite bridged graphs and weakly cop-win graphs}},
author       = {M. Chastand and F. Laviolette and N. Polat},
journal      = {Discrete Math.},
pages        = {61 - 78},
number = {1-3},
volume       = {224},
year         = {2000}
}

% cb2Bib 1.4.9
@article{Walker84,
title        = {{Isotone relations and the fixed point property for posets}},
author       = {J. W. Walker},
journal      = {Discrete Math.},
pages        = {275 - 288},
number = {2-3},
volume       = {48},
year         = {1984}
}

% cb2Bib 1.4.9
@article{Schroder12,
title        = {{The fixed point property for ordered sets}},
author       = {B. S. W. Schr{\"o}der},
journal      = {Arab. J. Math.},
pages        = {529 - 547},
number = {4},
volume       = {1},
year         = {2012}
}

% cb2Bib 1.4.9
@article{Halin98,
title        = {{The structure of rayless graphs}},
author       = {R. Halin},
journal      = {Abh. Math. Semin. Univ. Hambg.},
pages        = {225 - 253},
volume       = {68},
year         = {1998}
}

% cb2Bib 1.4.9
@article{Schmidt83,
title        = {{Ein Ordnungsbegriff f{\"u}r Graphen ohne unendliche Wege mit einer Anwendung auf n-fach zusammenh{\"a}ngende Graphen}},
author       = {R. Schmidt},
journal      = {Arch. Math. (Basel)},
pages        = {283 - 288},
number = {3},
volume       = {40},
year         = {1983}
}

% cb2Bib 1.4.9
@article{Farley93,
title        = {{The uniqueness of the core}},
author       = {J. D. Farley},
journal      = {Order},
pages        = {129 - 131},
volume       = {10},
number = {2},
year         = {1993}
}

% cb2Bib 1.4.9
@article{Li93,
title        = {{The core of a chain complete poset with no one-way infinite fence and no tower}},
author       = {B. Li},
journal      = {Order},
pages        = {349 - 361},
volume       = {10},
number = {4},
year         = {1993}
}

% cb2Bib 1.4.9
@article{Li95,
title        = {{From finite posets to chain complete posets having no infinite antichain}},
author       = {B. Li and E. C. Milner},
journal      = {Order},
pages        = {159 - 171},
volume       = {12},
year         = {1995}
}

% cb2Bib 1.4.9
@article{LiMilner93,
title        = {{A chain complete poset with no infinite antichain has a finite core}},
author       = {B. Li and E. C. Milner},
journal      = {Order},
pages        = {55 - 63},
volume       = {10},
number = {1},
year         = {1993}
}

% cb2Bib 1.4.9
@article{Baclawski79,
title        = {{Fixed points in partially ordered sets}},
author       = {K. Baclawski and A. Bj{\"o}rner},
journal      = {Adv. Math.},
pages        = {263 - 287},
volume       = {31},
number = {3},
year         = {1979}
}

% cb2Bib 1.4.9
@phdthesis{Li92,
title        = {{The PT order, cutsets and fixed points in posets}},
author       = {B. Li},
school       = {University of Calgary},
year         = {1992}
}

% cb2Bib 1.4.9
@article{LiMilner92,
title        = {{The PT order and the fixed-point property}},
author       = {B. Li and E. C. Milner},
journal      = {Order},
pages        = {321 - 331},
volume       = {9},
number = {4},
year         = {1992}
}

% cb2Bib 1.4.9
@article{Abian61,
title        = {{A theorem on partially ordered sets, with applications to fixed point theorems}},
author       = {S. Abian and A. B. Brown},
journal      = {Canad. J. Math.},
pages        = {78 - 82},
volume       = {13},
year         = {1961}
}

% cb2Bib 1.4.9
@article{Sher76,
title        = {{Docility at infinity and compactifications of ANR's}},
author       = {R. B. Sher},
journal      = {Trans. Amer. Math. Soc.},
pages        = {213 - 224},
volume       = {221},
number = {1},
year         = {1976}
}

% cb2Bib 1.4.9
@article{Sher75,
title        = {{A theory of absolute proper retracts}},
author       = {R. B. Sher},
journal      = {Fund. Math.},
pages        = {241 - 247},
number = {3},
volume       = {88},
year         = {1975}
}

% cb2Bib 1.4.9
@article{Raymond60,
title        = {{The end point compactification of manifolds}},
author       = {F. Raymond},
journal      = {Pacific J. Math.},
pages        = {947 - 963},
volume       = {10},
year         = {1960}
}

% cb2Bib 1.4.9
@article{Freudenthal31,
title        = {{{\"U}ber die Enden topologischer R{\"a}ume und Gruppen}},
author       = {H. Freudenthal},
journal      = {Math. Z.},
pages        = {692 - 713},
number = {1},
volume       = {33},
year         = {1931}
}

% cb2Bib 1.4.9
@article{Leray57,
title        = {{Th{\'e}orie des points fix{\'e}s: Indice total et nombre de Lefschetz}},
author       = {J. Leray},
journal      = {Bull. Soc. Math. France},
pages        = {221 - 233},
volume       = {87},
year         = {1959}
}

% cb2Bib 1.4.9
@inproceedings{Milnor68,
title        = {{Infinite Cyclic Coverings}},
author       = {J. Milnor},
booktitle    = {{Conference on the topology of manifolds}},
editor = {J. G. Hocking},
volume = {13},
series = {Prindle, Weber \& Schmidt Complementary Ser. Math.},
pages        = {115 - 133},
year         = {1968},
address = {Boston, MA / London / Sydney},
publisher    = {Prindle, Weber and Schmidt}
}

% cb2Bib 1.4.9
@book{Isbell64,
title        = {{Uniform Spaces}},
author       = {J. R. Isbell},
series       = {Mathematical Surveys and Monographs},
year         = {1964},
address = {Providence, RI},
publisher    = {American Mathematical Society}
}

% cb2Bib 1.4.9
@article{Quinn88,
title        = {{Homotopically stratified sets}},
author       = {F. Quinn},
journal      = {J. Amer. Math. Soc.},
pages        = {441 - 499},
number = {2},
volume       = {1},
year         = {1988}
}

% cb2Bib 1.4.9
@book{Spanier81,
title={Algebraic topology},
author={E. H. Spanier},
year={1981},
address = {New York / Berlin},
note = {Corrected reprint},
publisher={Springer}
}

% cb2Bib 1.4.9
@incollection{Gorniewicz05,
title        = {{On the Lefschetz fixed point theorem}},
author       = {L. G{\'o}rniewicz},
booktitle    = {{Handbook of topological fixed point theory}},
pages        = {43 - 82},
year         = {2005},
editor       = {R. F. Brown and M. Furi and L. G{\'o}rniewicz and B. Jiang},
address = {Dordrecht},
publisher    = {Springer},
doi          = {10.1007/1-4020-3222-6_2}
}

% cb2Bib 1.4.9
@book{Baues01,
title        = {{Infinite homotopy theory}},
author       = {H.-J. Baues and A. Quintero},
series       = {$K$-Monogr. in Math.},
volume       = {6},
year         = {2001},
address = {Dordrecht},
publisher    = {Kluwer Academic Publishers}
}

% cb2Bib 1.4.9
@phdthesis{Siebenmann65,
title        = {{The obstruction to finding a boundary for an open manifold of dimension greater than five}},
author       = {L. C. Siebenmann},
school       = {Princeton University},
year         = {1965}
}

% cb2Bib 1.4.9
@book{Hatcher02,
title        = {{Algebraic topology}},
author       = {A. Hatcher},
year         = {2002},
address = {Cambridge},
publisher    = {Cambridge University Press}
}

% cb2Bib 1.4.9
@article{Kozlov98,
title        = {{Order complexes of noncomplemented lattices are nonevasive}},
author       = {D. N. Kozlov},
journal      = {Proc. Amer. Math. Soc.},
pages        = {3461 - 3465},
number = {12},
volume       = {126},
year         = {1998}
}

% cb2Bib 1.4.9
@book{Kozlov08,
title        = {{Combinatorial algebraic topology}},
author       = {D. Kozlov},
series       = {Algorithms Comput. Math.},
volume       = {21},
year         = {2008},
publisher    = {Springer},
address = {Berlin}
}

% cb2Bib 1.4.9
@article{Kozlov05,
title        = {{Discrete Morse theory for free chain complexes}},
author       = {D. N. Kozlov},
journal      = {C. R. Math. Acad. Sci. Paris},
pages        = {867 - 872},
volume       = {340},
number       = {12},
year         = {2005}
}

% cb2Bib 1.4.9
@book{Bridson99,
title        = {{Metric spaces of non-positive curvature}},
author       = {M. R. Bridson and A. Haefliger},
series       = {Grundlehren Math. Wiss.},
volume       = {319},
year         = {1999},
address={Berlin},
publisher    = {Springer}
}

% cb2Bib 1.4.9
@article{Dold65,
title        = {{Fixed point index and fixed point theorem for Euclidean neighborhood retracts}},
author       = {A. Dold},
journal      = {Topology},
pages        = {1-8},
volume       = {4},
year         = {1965}
}

% cb2Bib 1.4.9
@article{Granas72,
title        = {{The Leray-Schauder index and the fixed point theory for arbitrary ANRs }},
author       = {A. Granas},
journal      = {Bull. Soc. Math. France},
pages        = {209-228},
volume       = {100},
year         = {1972}
}

% cb2Bib 1.4.9
@book{Milnor63,
title        = {{Morse theory}},
author       = {J. W. Milnor},
year         = {1963},
series = {Ann. of Math. Stud.},
volume = {51},
address = {Princeteon, NJ},
publisher    = {Princeton University Press}
}

% cb2Bib 1.4.9
@book{Brown06,
title        = {{Topology and groupoids}},
author       = {R. Brown},
year         = {2006},
address = {Charleston, SC},
publisher    = {BookSurge LLC}
}

% cb2Bib 1.4.9
@article{Barmak13,
title        = {{Star clusters in independence complexes of graphs}},
author       = {J. A. Barmak},
journal      = {Adv. Math.},
pages        = {33-57},
volume       = {241},
year         = {2013}
}

% cb2Bib 1.4.9
@incollection{West90,
title        = {{Open problems in infinite-dimensional topology}},
author       = {J. E. West},
booktitle    = {{Open problems in topology}},
pages        = {523 - 597},
year         = {1990},
editor       = {J. van Mill and G. M. Reed},
address = {Amsterdam},
publisher    = {North-Holland Publishing Co.}
}

% cb2Bib 1.4.9
@article{Kron01,
title        = {{End compactifications in non-locally-finite graphs}},
author       = {B. Kr{\"o}n},
journal      = {Math. Proc. Cambridge Philos. Soc.},
pages        = {427 - 443},
volume       = {131},
number = {3},
year         = {2001}
}

% cb2Bib 1.4.9
@book{Granas03,
title        = {{Fixed point theory}},
author       = {A. Granas and J. Dugundji},
series       = {Springer Monogr. Math.},
Xaddress      = {New York},
year         = {2003},
publisher    = {Springer}
}

% cb2Bib 1.4.9
@incollection{Nussbaum93,
title        = {{The fixed point index and fixed point theorems}},
author       = {R. D. Nussbaum},
booktitle    = {{Topological methods for ordinary differential equations}},
series       = {Lecture Notes in Math.},
volume	     = {1537},
pages	     = {143 - 205},
year         = {1993},
editor       = {M. Furi and P. Zecca},
address = {Berlin},
publisher    = {Springer}
}

% cb2Bib 1.4.9
@inproceedings{Moller95,
title        = {{Groups acting on locally finite graphs - a survey of the infinitely ended case}},
author       = {R. G. M{\"o}ller},
booktitle    = {{Groups '93 Galway/St. Andrews'. Proceedings of the international conference, Galway, Ireland, August 1-14, 1993. Volume 2.}},
series       = {Lond. Math. Soc. Lect. Note Ser.},
pages        = {426 - 456},
volume       = {212},
address      = {Cambridge},
year         = {1995},
editor       = {C. M. Campbell and E. F. Robertson and T. C. Hurley and S. J. Tobin and J. J. Ward},
publisher    = {Cambridge University Press}
}

% cb2Bib 1.4.9
@phdthesis{Hamann11,
title        = {{Infinite graphs with a treelike structure}},
author       = {M. Hamann},
school       = {University of Hamburg},
year         = {2011}
}

% cb2Bib 1.4.9
@phdthesis{Bridson91,
title        = {{Geodesics and curvature in metric simplicial complexes}},
author       = {M. R. Bridson},
school       = {Cornell University},
year         = {1991}
}

% cb2Bib 1.4.9
@article{Jiehua91,
title        = {{On the injective metrization for infinite collapsible polyhedra}},
author       = {M. Jiehua and T. Yun},
journal      = {Acta Math. Sin. (Engl. Ser.)},
pages        = {13 - 18},
volume       = {7},
number       = {1},
year         = {1991}
}

% cb2Bib 1.4.9
@incollection{Porter95,
title        = {{Proper homotopy theory}},
author       = {T. Porter},
booktitle    = {{Handbook of algebraic topology}},
pages        = {127 - 167},
year         = {1995},
editor       = {I. M. James},
address = {Amsterdam},
publisher    = {North-Holland}
}

% cb2Bib 1.4.9
@article{Diestel03,
title        = {{Graph-theoretical versus topological ends of graphs}},
author       = {R. Diestel and D. K{\"u}hn},
journal      = {Journal of Combinatorial Theory, Series B},
pages        = {197 - 206},
volume       = {87},
number       = {1},
year         = {2003}
}

% cb2Bib 1.4.9
@book{Hocking61,
title        = {{Topology}},
author       = {J. G. Hocking and G. S. Young},
year         = {1961},
address = {Reading, MA / London},
publisher    = {Addison-Wesley Publishing Co.}
}

% cb2Bib 1.4.9
@article{Weinberger09,
title        = {{Fixed-point theories on noncompact manifolds}},
author       = {S. Weinberger},
journal      = {J. Fixed Point Theory Appl.},
pages        = {15 - 25},
volume       = {6},
number       = {1},
year         = {2009},
doi          = {10.1007/s11784-009-0112-y},
url          = {http://dx.doi.org/10.1007/s11784-009-0112-y}
}

% cb2Bib 1.4.9
@misc{Kukiela12,
title        = {{Some Lefschetz-type fixed point theorems for proper maps of locally compact polyhedra and ANRs}},
author       = {M. Kukie{\l}a},
address      = {Toru{\'n}},
year         = {2012},
note       = {Praca semestralna}
}

% cb2Bib 1.4.9
@book{Banyaga04,
title        = {{Lectures on Morse homology}},
author       = {A. Banyaga and D. Hurtubise},
series       = {Kluwer Texts Math. Sci.},
volume       = {29},
year         = {2004},
publisher    = {Kluwer Academic Publishers Group},
address = {Dordrecht},
doi          = {10.1007/978-1-4020-2696-6}
}

% cb2Bib 1.4.9
@incollection{Orlik07,
title        = {{Discrete Morse theory}},
author       = {P. Orlik and V. Welker},
booktitle    = {{Algebraic combinatorics}},
series       = {Universitext},
pages        = {145 - 172},
year         = {2007},
editor       = {G. Fl{\o}ystad},
publisher    = {Springer},
address = {Berlin},
doi          = {10.1007/978-3-540-68376-6_7},
url          = {http://dx.doi.org/10.1007/978-3-540-68376-6_7}
}

% cb2Bib 1.4.9
@article{Chari00,
title        = {{On discrete Morse functions and combinatorial decompositions}},
author       = {M. K. Chari},
journal      = {Discrete Math.},
pages        = {101 - 113},
volume       = {217},
number       = {1 - 3},
year         = {2000},
doi          = {10.1016/S0012-365X(99)00258-7},
url          = {http://www.sciencedirect.com/science/article/pii/S0012365X99002587}
}

% cb2Bib 1.4.9
@article{Morse25,
title        = {{Relations between the critical points of a~real function of n~independent variables}},
author       = {M. Morse},
journal      = {Trans. Amer. Math. Soc.},
pages        = {345 - 396},
volume       = {27},
number       = {3},
year         = {1925},
publisher    = {American Mathematical Society},
issn         = {00029947}
}

% cb2Bib 1.4.9
@article{Skoldberg06,
title        = {{Morse theory from an algebraic viewpoint}},
author       = {E. Sk{\"o}ldberg},
journal      = {Trans. Amer. Math. Soc.},
pages        = {115 - 129},
volume       = {358},
number       = {1},
year         = {2006}
}

% cb2Bib 1.4.9
@mastersthesis{Freij07,
title        = {{Equivariant discrete Morse theory}},
author       = {R. Freij},
school       = {University of Gothenburg},
year         = {2007}
}

% cb2Bib 1.4.9
@phdthesis{Jollenbeck05,
title        = {{Algebraic discrete Morse theory and applications to commutative algebra}},
author       = {M. J{\"o}llenbeck},
school       = {Philipps University Marburg},
year         = {2005}
}

% cb2Bib 1.4.9
@article{Mathai99,
title        = {{Discrete Morse theory and extended $L^2$ homology}},
author       = {V. Mathai and S. G. Yates},
journal      = {J. Funct. Anal.},
pages        = {84 - 110},
volume       = {168},
number = {1},
year         = {1999}
}

% cb2Bib 1.4.9
@unpublished{Skoldberg13,
title        = {{Algebraic Morse theory and homological perturbation theory}},
author       = {E. Sk{\"o}ldberg},
year         = {2013},
note       = {Preprint. arXiv:1311.5803v1},
url        = {http://arxiv.org/abs/1311.5803v1}
}

% cb2Bib 1.4.9
@book{Engelking75,
title        = {{Topologia og{\'o}lna}},
author       = {R. Engelking},
series       = {Biblioteka Matematyczna},
volume       = {XXX47},
year         = {1975},
address = {Warszawa},
publisher    = {Polskie Wydawnictwo Naukowe}
}

% cb2Bib 1.4.9
@book{Rasiowa09,
title        = {{Wstęp do matematyki wsp{\'o}{\l}czesnej}},
author       = {H. Rasiowa},
year         = {2009},
address = {Warszawa},
publisher    = {Polskie Wydawnictwo Naukowe}
}

% cb2Bib 1.4.9
@article{Siebenmann73,
title        = {{Regular (or canonical) open neighborhoods}},
author       = {L. Siebenmann},
journal      = {General Topology and Appl.},
pages        = {51 - 61},
volume       = {3},
year         = {1973}
}

% cb2Bib 1.4.9
@article{Chapman76,
title        = {{Finding a boundary for a Hilbert cube manifold}},
author       = {T. A. Chapman and L. Siebenmann},
journal      = {Acta Math.},
pages        = {171 - 208},
volume       = {4},
number       = {3 - 4},
year         = {1976}
}

% cb2Bib 1.4.9
@unpublished{Guilbault13,
title        = {{Ends, shapes, and boundaries in manifold topology and geometric group theory}},
author       = {C. R. Guilbault},
url          = {http://arxiv.org/abs/1210.6741},
note         = {Preprint. arXiv:1210.6741v3.}
}

% cb2Bib 1.4.9
@book{Burago01,
title        = {{A Course in Metric Geometry}},
author       = {D. Burago and Y. Burago and S. Ivanov},
series       = {Graduate Studies in Mathematics},
volume       = {33},
year         = {2001},
publisher    = {AMS, Providence, RI}
}

% cb2Bib 1.4.9
@incollection{Gromov87,
title        = {{Hyperbolic groups}},
author       = {M. Gromov},
booktitle    = {{Essays in Group Theory}},
series       = {MSRI Publ.},
pages        = {75 - 265},
volume       = {8},
year         = {1987},
editor       = {S. Gersten},
publisher    = {Springer Verlag}
}

% cb2Bib 1.4.9
@article{Bestvina97,
title        = {{Morse theory and finiteness properties of groups}},
author       = {M. Bestvina and N. Brady},
journal      = {Invent. Math.},
pages        = {445 - 470},
volume       = {129},
number       = {3},
year         = {1997}
}

% cb2Bib 1.4.9
@article{Bestvina08,
title        = {{PL Morse theory}},
author       = {M. Bestvina},
journal      = {Math. Commun.},
volume       = {13},
number       = {2},
pages        = {149–162},
year         = {2008}
}

% cb2Bib 1.4.9
@article{Jones88,
title        = {{A general theory of polyhedral sets and the corresponding \mbox{T-complexes}}},
author       = {D. W. Jones},
journal      = {Dissertationes Math. (Rozprawy Mat.)},
volume       = {266},
year         = {1988}
}

% cb2Bib 1.4.9
@incollection{Brown92,
title        = {{The geometry of rewriting systems: A proof of the Anick-Groves-Squier theorem}},
author       = {K. Brown},
booktitle    = {{Algorithms and classification in combinatorial group theory (Berkeley, CA, 1989)}},
series       = {Math. Sci. Res. Inst. Publ.},
pages        = {137 - 163},
volume       = {23},
year         = {1992},
address = {New York},
publisher    = {Springer}
}

% cb2Bib 1.4.9
@article{Bloch13,
title        = {{Polyhedral representation of discrete Morse functions}},
author       = {E. D. Bloch},
journal      = {Discrete Math.},
pages        = {1342 - 1348},
volume       = {313},
number = {12},
year         = {2013}
}

% cb2Bib 1.4.9
@article{Banchoff67,
title        = {{Critical points and curvature for embedded polyhedra}},
author       = {T. Banchoff},
journal      = {J. Differential Geom.},
pages        = {245 - 256},
volume       = {1},
number       = {3 - 4},
year         = {1967}
}

% cb2Bib 1.4.9
@article{Lewiner13,
title        = {{Critical sets in discrete Morse theories: Relating Forman and piecewise-linear approaches}},
author       = {T. Lewiner},
journal      = {Comput. Aided Geom. Design},
pages        = {609 - 621},
volume       = {30},
number       = {6},
year         = {2013},
doi          = {10.1016/j.cagd.2012.03.012"},
url          = {http://dx.doi.org/10.1016/j.cagd.2012.03.012",}
}

% cb2Bib 1.4.9
@article{Farley05,
title        = {{Discrete Morse theory and graph braid groups.}},
author       = {D. Farley and L. Sabalka},
journal      = {Algebr. Geom. Topol.},
pages        = {1075 - 1109},
volume       = {5},
year         = {2005}
}

% cb2Bib 1.4.9
@book{Jonsson08,
title        = {{Simplicial complexes of graphs}},
author       = {J. Jonsson},
series       = {Lecture Notes in Math.},
volume       = {1928},
year         = {2008},
address = {Berlin},
publisher    = {Springer}
}

% cb2Bib 1.4.9
@unpublished{Sergeraert,
title        = {{Discrete vector fields and fundamental algebraic topology}},
author       = {A. Romero and F. Sergeraert},
note         = {Praca przygotowywana.}
}

% cb2Bib 1.4.9
@article{Engstrom09,
title        = {{Upper bounds on the Witten index for supersymmetric lattice models by discrete Morse theory}},
author       = {A. Engstr{\"o}m},
journal      = {European J. Combin.},
pages        = {429 - 438},
volume       = {30},
number       = {2},
year         = {2009}
}

% cb2Bib 1.4.9
@article{Forman02a,
title        = {{Combinatorial Novikov--Morse theory}},
author       = {R. Forman},
journal      = {Internat. J. Math.},
pages        = {333 - 368},
volume       = {13},
number = {4},
year         = {2002}
}

% cb2Bib 1.4.9
@article{Forman98a,
title        = {{Witten-Morse theory for cell complexes}},
author       = {R. Forman},
journal      = {Topology},
pages        = {945 - 979},
volume       = {37},
number = {5},
year         = {1998}
}

% cb2Bib 1.4.9
@unpublished{Jonsson11,
title        = {{A refinement of amplitude homology and a generalization of discrete Morse theory}},
author       = {J. Jonsson},
year         = {2011},
note         = {Preprint}
}

% cb2Bib 1.4.9
@article{Forman02b,
title        = {{Discrete Morse theory and the cohomology ring}},
author       = {R. Forman},
journal      = {Trans. Amer. Math. Soc.},
pages        = {5063 - 5085},
number = {12},
volume       = {354},
year         = {2002}
}

% cb2Bib 1.4.9
@article{Mrozek09,
title        = {{Coreduction homology algorithm}},
author       = {M. Mrozek and B. Batko},
journal      = {Discrete Comput. Geom.},
pages        = {96 - 118},
volume       = {41},
number = {1},
year         = {2009}
}

% cb2Bib 1.4.9
@article{Bjorner00,
title        = {{Simplicial manifolds, bistellar flips and a 16-vertex triangulation of the Poincar{\'e} homology 3-sphere}},
author       = {A. Bj{\"o}rner and F. H. Lutz},
journal      = {Experiment. Math.},
pages        = {275 - 289},
volume       = {9},
number       = {2},
year         = {2000}
}

% cb2Bib 1.4.9
@article{Bjorner03,
title        = {{A 16-vertex triangulation of the Poincar{\'e} homology 3-sphere and non-PL spheres with few vertices}},
author       = {A. Bj{\"o}rner and F. H. Lutz},
journal      = {Electron. Geom. Models},
volume       = {XXXbez bfXXXNo. 2003.04.001},
year         = {2003}
}

% cb2Bib 1.4.9
@article{Robins11,
title        = {{Theory and algorithms for constructing discrete Morse complexes from grayscale digital images}},
author       = {V. Robins and P. J. Wood and A. P. Sheppard},
journal      = {IEEE Trans. Pattern Anal. Mach. Intell.},
pages        = {1646 - 1658},
volume       = {33},
number       = {8},
year         = {2011},
doi          = {10.1109/TPAMI.2011.95}
}


% cb2Bib 1.4.9
@article{Arenas99,
title        = {{Alexandroff spaces}},
author       = {F. G. Arenas},
journal      = {Acta Math. Univ. Comenian. (N. S.)},
pages        = {17 - 25},
number = {1},
volume       = {68},
year         = {1999}
}

% cb2Bib 1.4.9
@article{Barmak08,
title        = {{Simple homotopy types and finite spaces}},
author       = {J. A. Barmak and E. G. Minian},
journal      = {Adv. Math.},
pages        = {87 - 104},
number = {1},
volume       = {218},
year         = {2008}
}

% cb2Bib 1.4.9
@article{Clader09,
title        = {{Inverse limits of finite topological spaces}},
author       = {E. Clader},
journal      = {Homology, Homotopy Appl.},
pages        = {223 - 227},
volume       = {11},
number     = {2},
year         = {2009}
}

% cb2Bib 1.4.9
@article{Duffus80,
title        = {{Spanning retracts of a~partially ordered set}},
author       = {D. Duffus and I. Rival and M. Simonovits},
journal      = {Discrete Math.},
pages        = {1 - 7},
number = {1},
volume       = {32},
year         = {1980}
}

% cb2Bib 1.4.9
@incollection{Erne90,
title        = {{The ABC of order and topology}},
author       = {M. Ern{\'e}},
booktitle    = {{Category theory at work}},
pages        = {57 - 83},
year         = {1990},
editor       = {H. Herrlich and H. E. Porst},
series = {Res. Exp. Math.},
volume = {18},
address = {Berlin},
publisher    = {Heldermann Verlag}
}

% cb2Bib 1.4.9
@article{Fox45,
title        = {{On topologies for function spaces}},
author       = {R. H. Fox},
journal      = {Bull. Amer. Math. Soc.},
pages        = {429 - 432},
volume       = {51},
year         = {1945}
}

% cb2Bib 1.4.9
@article{Hardie93,
title        = {{Homotopy theory of finite and locally finite $T_0$-spaces}},
author       = {K. A. Hardie and J. J. C. Vermeulen},
journal      = {Expo. Math.},
pages        = {331 - 341},
number = {4},
volume       = {11},
year         = {1993}
}

% cb2Bib 1.4.9
@article{Kruskal72,
title        = {{The theory of well-quasi-ordering: A~frequently discovered concept}},
author       = {J. B. Kruskal},
journal      = {J. Combin. Theory Ser. A},
pages        = {297 - 305},
volume       = {13},
year         = {1972}
}

% cb2Bib 1.4.9
@article{McCord66,
title        = {{Singular homology groups and homotopy groups of finite topological spaces}},
author       = {M. C. McCord},
journal      = {Duke Math. J.},
pages        = {465 - 474},
volume       = {33},
year         = {1966}
}

% cb2Bib 1.4.9
@article{Osaki99,
title        = {{Reduction of finite topological spaces}},
author       = {T. Osaki},
journal      = {Interdiscip. Inform. Sci.},
pages        = {149 - 155},
number     = {2},
volume       = {5},
year         = {1999}
}

% cb2Bib 1.4.9
@article{Quillen78,
title        = {{Homotopy properties of the poset of nontrivial p-subgroups of a group}},
author       = {D. Quillen},
journal      = {Adv. Math.},
pages        = {101 - 128},
volume       = {28},
number = {2},
year         = {1978}
}

% cb2Bib 1.4.9
@article{Stong84,
title        = {{Group actions on finite spaces}},
author       = {R. E. Stong},
journal      = {Discrete Math.},
pages        = {95 - 100},
volume       = {49},
number = {1},
year         = {1984}
}

% cb2Bib 1.4.9
@article{Uzcategui05,
title        = {{Alexandroff topologies viewed as closed sets in the Cantor cube}},
author       = {C. Uzcategui and J. Vielma},
journal      = {Divulg. Mat.},
pages        = {45 - 53},
number = {1},
volume       = {13},
year         = {2005}
}

% cb2Bib 1.4.9
@unpublished{May08b,
title        = {{Finite groups and finite spaces}},
author       = {J. P. May},
year         = {2008},
note = {Notes for University of Chicago REU.},
xnote         = {\newline\mbox{\url{http://www.math.uchicago.edu/~may/MISC/finitegroups.pdf}}},
url          = {http://www.math.uchicago.edu/~may/MISC/finitegroups.pdf}
}

% cb2Bib 1.4.9
@unpublished{May08a,
title        = {{Finite spaces and simplicial complexes}},
author       = {J. P. May},
year         = {2008},
note         = {Notes for University of Chicago REU.},
xnote={\newline\mbox{\url{http://www.math.uchicago.edu/~may/MISC/SimpCxes.pdf}}},
url          = {http://www.math.uchicago.edu/~may/MISC/SimpCxes.pdf}
}

% cb2Bib 1.4.9
@unpublished{May08,
title        = {{Finite topological spaces}},
author       = {J. P. May},
year         = {2008},
note         = {Notes for University of Chicago REU.},
xnote={\newline\mbox{\url{http://www.math.uchicago.edu/~may/MISC/FiniteSpaces.pdf}}},
url          = {http://www.math.uchicago.edu/~may/MISC/FiniteSpaces.pdf}
}


% cb2Bib 1.4.9
@article{Kukiela09,
title        = {{Reversible and bijectively-related posets}},
author       = {M. Kukie{\l}a},
journal      = {Order},
pages        = {119 - 124},
volume       = {26},
number = {2},
year         = {2009}
}

% cb2Bib 1.4.9
@unpublished{Kukiela13a,
title        = {{Characterization of hereditarily reversible posets}},
author       = {M. Kukie{\l}a},
year         = {2013},
url          = {http://arxiv.org/abs/1305.5085},
note         = {Preprint (ukaże się w Math. Slovaca). arXiv:1305.5085v1}
}

% cb2Bib 1.4.9
@book{Barmak11,
title        = {{Algebraic topology of finite topological spaces and applications}},
author       = {J. A. Barmak},
series       = {Lecture Notes in Math.},
volume	     = {2032},
year         = {2011},
address      = {Heidelberg},
publisher    = {Springer}
}

% cb2Bib 1.4.9
@mastersthesis{Wofsey08,
title        = {{On the algebraic topology of finite spaces}},
author       = {E. Wofsey},
school       = {Washington University},
year         = {2008}
}

% cb2Bib 1.4.9
@article{Barmak07,
title        = {{Minimal finite models}},
author       = {J. A. Barmak and E. G. Minian},
journal      = {J. Homotopy Relat. Struct.},
pages        = {127 - 140},
volume       = {2},
number = {1},
year         = {2007}
}

% cb2Bib 1.4.9
@article{Barmak08a,
title        = {{One-point reductions of finite spaces, h-regular CW-complexes and collapsibility}},
author       = {J. A. Barmak and E. G. Minian},
journal      = {Algebr. Geom. Topol.},
pages        = {1763 - 1780},
volume       = {8},
number = {3},
doi = {10.2140/agt.2008.8.1763},
year         = {2008}
}

% cb2Bib 1.4.9
@article{Capitelli13,
title        = {{Non-homogeneous combinatorial manifolds}},
author       = {N. Capitelli and G. Minian},
journal      = {Beitr. Algebra Geom.},
pages        = {419 - 439},
volume       = {54},
number       = {1},
year         = {2013}
}

% cb2Bib 1.4.9
@unpublished{Cerdeiro14,
title        = {{A new approach to Whitehead's asphericity question}},
author       = {M. Cerdeiro and E. G. Minian},
note	     = {Preprint. arXiv:1203.5348v1}
}

% cb2Bib 1.4.9
@article{Raptis10,
title        = {{Homotopy theory of posets}},
author       = {G. Raptis},
journal      = {Homology, Homotopy Appl.},
pages        = {211 - 230},
volume       = {12},
number       = {2},
year         = {2010}
}

% cb2Bib 1.4.9
@article{Larose04,
title        = {{A discrete homotopy theory for binary reflexive structures}},
author       = {B. Larose and C. Tardif},
journal      = {Adv. Math.},
pages        = {268 - 300},
volume       = {189},
number       = {2},
year         = {2004}
}

% cb2Bib 1.4.9
@incollection{Wachs07,
title        = {{Poset topology: Tools and applications}},
author       = {M. L. Wachs},
booktitle    = {{Geometric combinatorics}},
series       = {IAS/Park City Math. Ser.},
pages        = {497 - 615},
year         = {2007},
address      = {Providence, RI},
publisher    = {American Mathematical Society}
}

% cb2Bib 1.4.9
@incollection{Bjorner95,
title        = {{Topological methods}},
author       = {A. Bj{\"o}rner},
booktitle    = {{Handbook of combinatorics}},
pages        = {1819 - 1872},
year         = {1995},
volume       = {2},
editor       = {R. Graham and M. Gr{\"o}tschel and L. Lov{\'a}sz},
address     = {Cambridge, MA},
publisher    = {MIT Press}
}

% cb2Bib 1.4.9
@unpublished{May,
title        = {{Finite spaces and larger contexts}},
author       = {J. P. May},
note         = {Książka przygotowywana.}
}

% cb2Bib 1.4.9
@unpublished{Helmstutler10,
title        = {{Finite co-H-spaces are contractible: A dual to a theorem of Stong}},
author       = {R. D. Helmstutler and R. M. Vaughn},
year         = {2011 XXX ktory to rok?},
url          = {http://doctorh.umwblogs.org/files/2010/10/RDH-RMV-co-H.pdf},
note	     = {UMW Summer Science Institute.},
xnote = {\newline\mbox{\url{http://doctorh.umwblogs.org/files/2010/10/RDH-RMV-co-H.pdf}}}
}

% cb2Bib 1.4.9
@unpublished{Fix08,
title        = {{Enumeration of homotopy classes of finite $T_0$ spaces}},
author       = {A. Fix and S. Patrias},
note         = {University of Chicago REU.},
xnote ={\newline\mbox{\url{http://www.math.uchicago.edu/~may/VIGRE/VIGRE2008/REUPapers/Fix.pdf}}},
year         = {2008},
url          = {http://www.math.uchicago.edu/~may/VIGRE/VIGRE2008/REUPapers/Fix.pdf}
}

% cb2Bib 1.4.9
@article{Oliver75,
title        = {{Fixed-point sets of group actions on finite acyclic complexes}},
author       = {R. Oliver},
journal      = {Comment. Math. Helv.},
pages        = {155 - 177},
volume       = {50},
year         = {1975}
}

% cb2Bib 1.4.9
@book{Arkowitz11,
title        = {{Introduction to homotopy theory}},
author       = {M. Arkowitz},
series       = {Universitext},
year         = {2011},
publisher    = {Springer},
address = {New York},
doi          = {10.1007/978-1-4419-7329-0}
}

% cb2Bib 1.4.9
@article{Hardie06,
title        = {{The Whitehead square of the 6-point 2-sphere}},
author       = {K. A. Hardie and P. J. Witbooi},
journal      = {Quaest. Math.},
pages        = {1 - 7},
volume       = {29},
number       = {1},
year         = {2006}
}

% cb2Bib 1.4.9
@article{Hardie07,
title        = {{Crown multiplications and a higher order Hopf construction}},
author       = {K. A. Hardie and P. J. Witbooi},
journal      = {Topology Appl.},
pages        = {2073 - 2080},
volume       = {154},
number       = {10},
year         = {2007}
}

% cb2Bib 1.4.9
@article{Hardie02,
title        = {{A nontrivial pairing of finite $T_0$~spaces}},
author       = {K. A. Hardie and J. J. C. Vermeulen and P. J. Witbooi},
journal      = {Topology Appl.},
pages        = {533 - 542},
volume       = {125},
number       = {3},
year         = {2002}
}

% cb2Bib 1.4.9
@article{Hardie03,
title        = {{A non-Hausdorff quaternion multiplication}},
author       = {K. A. Hardie and S. Salbany and J. J. C. Vermeulen and P. J. Witbooi},
journal      = {Theoret. Comput. Sci.},
pages        = {135 - 158},
volume       = {305},
number       = {1 - 3},
year         = {2003}
}

% cb2Bib 1.4.9
@article{Adamaszek13,
title        = {{Comparing minimal simplicial models}},
author       = {M. Adamaszek},
journal      = {J.~Homotopy Relat. Struct.},
pages        = {117 - 125},
volume       = {8},
number       = {1},
year         = {2013}
}

% cb2Bib 1.4.9
@unpublished{Weng10,
title        = {{On minimal finite models}},
author       = {D. Weng},
year         = {2010},
url          = {http://www.math.uchicago.edu/~may/VIGRE/VIGRE2010/REUPapers/Weng.pdf},
note         = {University of Chicago REU.},
xnote={\newline\mbox{\url{http://www.math.uchicago.edu/~may/VIGRE/VIGRE2010/REUPapers/Weng.pdf}}}
}

% cb2Bib 1.4.9
@article{Schroder99,
title        = {{Algorithms for the fixed point property}},
author       = {B. S. W. Schr{\"o}der},
journal      = {Theoret. Comput. Sci.},
pages        = {301 - 358},
number = {2},
volume       = {217},
year         = {1999}
}

% cb2Bib 1.4.9
@article{Barmak11a,
title        = {{On Quillen's Theorem A for posets}},
author       = {J. A. Barmak},
journal      = {J. Combin. Theory Ser. A},
pages        = {2445 - 2453},
volume       = {118},
number = {8},
year         = {2011}
}

% cb2Bib 1.4.9
@article{Witbooi13,
title        = {{Multiplication of crowns}},
author       = {P. J. Witbooi},
journal      = {Rev. Un Mat. Argentina},
pages        = {29-36},
number = {2},
volume       = {54},
year         = {2013}
}

% cb2Bib 1.4.9
@article{Nowakowski83,
title        = {{Vertex-to-vertex pursuit in a graph}},
author       = {R. Nowakowski and P. Winkler},
journal      = {Discrete Math.},
pages        = {235 - 239},
volume       = {43},
number = {2 - 3},
year         = {1983}
}

% cb2Bib 1.4.9
@unpublished{Matsushita14,
title        = {{Cell complexes obtained from sets with relations}},
author       = {T. Matsushita},
note         = {Preprint. arXiv:1402.0311v2}
}

% cb2Bib 1.4.9
@article{Lazar12,
title        = {{Discrete Morse theory, simplicial nonpositive curvature, and simplicial collapsibility}},
author       = {I.-C. Laz{\u{a}}r},
journal      = {Balkan J. Geom. Appl.},
pages        = {58-69},
volume       = {17},
number       = {1},
year         = {2012}
}

% cb2Bib 1.4.9
@article{Larose97,
title        = {{Algebraic properties and dismantlability of finite posets}},
author       = {B. Larose and L. Z{\'a}dori},
journal      = {Discrete Math.},
pages        = {89 - 99},
volume       = {163},
number = {1 - 3},
year         = {1997},
doi          = {10.1016/0012-365X(95)00312-K}
}

% cb2Bib 1.4.9
@article{Larose05,
title        = {{A polynomial-time algorithm for near-unanimity graphs}},
author       = {B. Larose and C. Loten and L. Z{\'a}dori},
journal      = {J. Algorithms},
pages        = {177 - 191},
volume       = {55},
number       = {2},
year         = {2005}
}

% cb2Bib 1.4.9
@article{Kun01,
title        = {{Order varieties and monotone retractions of finite posets}},
author       = {G. Kun and C. Szab{\'o}},
journal      = {Order},
pages        = {79 - 88},
volume       = {18},
number       = {1},
year         = {2001}
}

% cb2Bib 1.4.9
@article{Brightwell00,
title        = {{Gibbs measures and dismantlable graphs}},
author       = {G. R. Brightwell and P. Winkler},
journal      = {J. Combin. Theory Ser. B},
pages        = {141 - 166},
volume       = {78},
number       = {1},
year         = {2000}
}

% cb2Bib 1.4.9
@article{Civan07,
title        = {{Linear colorings of simplicial complexes and collapsing}},
author       = {Y. Civan and E. Yal{\c{c}}ın},
journal      = {J. Combin. Theory Ser. A},
pages        = {1315 - 1331},
volume       = {114},
number       = {7},
year         = {2007}
}

% cb2Bib 1.4.9
@article{Matousek08,
title        = {{LC reductions yield isomorphic simplicial complexes}},
author       = {J. Matou{\v{s}}ek},
journal      = {Contrib. Discrete Math.},
pages        = {37 - 39},
volume       = {3},
number       = {2},
year         = {2008}
}

% cb2Bib 1.4.9
@article{Larose07,
title        = {{A characterisation of first-order constraint satisfaction problems}},
author       = {B. Larose and C. Loten and C. Tardif},
journal      = {Log. Methods Comput. Sci.},
volume       = {3},
pages        = {{paper 6, 22 pp.}},
number       = {4},
year         = {2007},
doi          = {10.2168/LMCS-3(4:6)2007}
}

% cb2Bib 1.4.9
@incollection{Dyer04,
title        = {{Rapidly mixing Markov chains for dismantleable constraint graphs}},
author       = {M. Dyer and M. Jerrum and E. Vigoda},
booktitle    = {{Graphs, morphisms and statistical physics}},
series       = {DIMACS Ser. Discrete Math. Theoret. Comput. Sci.},
pages        = {87 - 95},
volume       = {63},
year         = {2004},
editor       = {J. Ne{\v{s}}etril and P. Winkler},
address = {Providence, RI},
publisher    = {American Mathematical Society}
}

% cb2Bib 1.4.9
@article{Rutkowski85,
title        = {{Multifunctions and the fixed point property for products of ordered sets}},
author       = {A. Rutkowski},
journal      = {Order},
pages        = {61 - 67},
volume       = {2},
number = {1},
year         = {1985}
}

% cb2Bib 1.4.9
@article{Duffus87,
title        = {{Fixed points of products and the strong fixed point property}},
author       = {D. Duffus and N. Sauer},
journal      = {Order},
pages        = {221 - 231},
volume       = {4},
number = {3},
year         = {1987}
}

% cb2Bib 1.4.9
@article{Niederle07,
title        = {{Strengthened fixed point property and products in ordered sets}},
author       = {J. Niederle},
journal      = {Math. Slovaca},
pages        = {313 - 320},
volume       = {57},
number = {4},
year         = {2007}
}

% cb2Bib 1.4.9
@article{Niederle08,
title        = {{Super-relational fixed point property and products in ordered sets}},
author       = {J. Niederle},
journal      = {Order},
pages        = {1 - 8},
number = {1},
volume       = {25},
year         = {2008}
}

% cb2Bib 1.4.9
@article{Roddy02,
title        = {{Fixed points and products: Width 3}},
author       = {M. S. Roddy},
journal      = {Order},
pages        = {319 - 326},
number = {4},
volume       = {19},
year         = {2002}
}

% cb2Bib 1.4.9
@article{Kuratowski30,
title        = {{Problem 49}},
author       = {K. Kuratowski},
journal      = {Fund. Math.},
pages        = {356},
volume       = {15},
year         = {1930}
}

% cb2Bib 1.4.9
@article{Roddy05,
title        = {{Isotone relations revisited}},
author       = {M. S. Roddy and B. S. W. Schr{\"o}der},
journal      = {Discrete Math.},
pages        = {229 - 245},
volume       = {290},
number = {2-3},
doi = {10.1016/j.disc.2004.10.012},
year         = {2005}
}

% cb2Bib 1.4.9
@article{Rutkowski86,
title        = {{Cores, cutsets and the fixed point property}},
author       = {A. Rutkowski},
journal      = {Order},
pages        = {257 - 267},
volume       = {3},
number       = {3},
year         = {1986}
}

% cb2Bib 1.4.9
@article{Schroder95,
title        = {{On retractable sets and the fixed point property}},
author       = {B. S. W. Schr{\"o}der},
journal      = {Algebra Universalis},
pages        = {149 - 158},
volume       = {33},
number       = {2},
year         = {1995}
}

% cb2Bib 1.4.9
@article{Rutkowski94,
title        = {{Retractability and the fixed point property for products}},
author       = {A. Rutkowski and B. S. W. Schr{\"o}der},
journal      = {Order},
pages        = {353 - 359},
volume       = {11},
number       = {4},
year         = {1994}
}

% cb2Bib 1.4.9
@article{Fieux12,
title        = {{Foldings in graphs and relations with simplicial complexes and posets}},
author       = {E. Fieux and J. Lacaze},
journal      = {Discrete Math.},
pages        = {2639 - 2651},
number = {17},
volume       = {312},
year         = {2012}
}

% cb2Bib 1.4.9
@article{Tucker36,
title        = {{Cell spaces}},
author       = {A. W. Tucker},
journal      = {Ann. of Math.},
pages        = {92 - 100},
number = {1},
volume       = {37},
year         = {1936}
}

% cb2Bib 1.4.9
@article{Steiner66,
title        = {{The lattice of topologies: Structure and complementation}},
author       = {A. K. Steiner},
journal      = {Trans. Amer. Math. Soc.},
pages        = {379 - 398},
volume       = {122},
year         = {1966}
}

% cb2Bib 1.4.9
@article{Watson94,
title        = {{The number of complements in the lattice of topologies on a~fixed set}},
author       = {S. Watson},
journal      = {Topology Appl.},
pages        = {101 - 125},
volume       = {55},
number       = {2},
year         = {1994}
}

% cb2Bib 1.4.9
@incollection{Kopperman03,
title        = {{Topological digital topology}},
author       = {R. Kopperman},
booktitle    = {{Discrete geometry for computer imagery (11th International Conference, DGCI 2003, Naples, Italy, November 19-21, 2003)}},
series       = {Lecture Notes in Comput. Sci.},
pages        = {1 - 15},
volume       = {2886},
year         = {2003},
editor       = {I. Nystr{\"o}m and G. S. di Baja and S. Svensson},
publisher    = {Springer},
address = {Berlin},
doi          = {10.1007/978-3-540-39966-7_1},
url          = {http://dx.doi.org/10.1007/978-3-540-39966-7_1}
}

% cb2Bib 1.4.9
@article{Helmstutler12,
title        = {{Finite topological spaces as a pedagogical tool}},
author       = {R. D. Helmstutler and R. S. Higginbottom},
journal      = {PRIMUS},
pages        = {64 - 74},
number = {1},
volume       = {22},
year         = {2012},
doi          = {10.1080/10511970.2010.492493}
}

% cb2Bib 1.4.9
@unpublished{Hensel14,
title        = {{Realisation and dismantlability}},
author       = {S. Hensel and D. Osajda and P. Przytycki},
note = {Preprint.}
}

% cb2Bib 1.4.9
@unpublished{Chepoi14,
title        = {{Dismantlability of weakly systolic complexes and applications}},
author       = {V. Chepoi and D. Osajda},
note = {Preprint.}
}

% cb2Bib 1.4.9
@article{Przytycki12,
title        = {{Contractibility of the Kakimizu complex and symmetric Seifert surfaces}},
author       = {P. Przytycki and J. Schultens},
journal      = {Trans. Amer. Math. Soc.},
pages        = {1489 - 1508},
volume       = {364},
number = {3},
year         = {2012}
}


% cb2Bib 1.4.9
@article{Hochster69,
title        = {{Prime ideal structure in commutative rings}},
author       = {M. Hochster},
journal      = {Trans. Amer. Math. Soc.},
pages        = {43 - 60},
volume       = {142},
year         = {1969}
}

% cb2Bib 1.4.9
@book{Pearl07,
title        = {{Open problems in topology. II}},
year         = {2007},
editor       = {E. Pearl},
address = {Amsterdam},
publisher    = {Elsevier B. V.}
}

% cb2Bib 1.4.9
@book{Nagata85,
title        = {{Modern general topology}},
author       = {J.-{i.} Nagata},
series       = {North-Holland Math. Libr.},
volume       = {33},
year         = {1985},
address = {Amsterdam},
publisher    = {North-Holland Publishing Co.}
}

% cb2Bib 1.4.9
@article{Kopperman05,
title        = {{On storage of topological information}},
author       = {R. Kopperman},
journal      = {Discrete Appl. Math.},
pages        = {287 - 300},
number = {2 - 3},
volume       = {147},
year         = {2005},
doi          = {10.1016/j.dam.2004.09.016},
}

% cb2Bib 1.4.9
@article{Enos79,
title        = {{A counterexample in finite fixed point theory}},
author       = {H. C. Enos},
journal      = {Canad. Math. Bull.},
pages        = {99 - 100},
volume       = {22},
number       = {1},
year         = {1979}
}

% cb2Bib 1.4.9
@article{Shiraki69,
title        = {{Finite $T_0$-spaces and simplicial structures}},
author       = {M. Shiraki},
journal      = {Rep. Fac. Sci. Kagoshima Univ.},
pages        = {17 - 28},
volume       = {2},
year         = {1969}
}

% cb2Bib 1.4.9
@article{Kopperman97,
title        = {{Finite approximation of compact Hausdorff spaces}},
author       = {R. D. Kopperman and R. G. Wilson},
journal      = {Topology Proc.},
pages        = {175 - 200},
volume       = {22},
number       = {Summer},
year         = {1997},
Xnote         = {Proceedings of the 12th Summer Conference on General Topology and its Applications (North Bay, ON, 1997)}
}

% cb2Bib 1.4.9
@article{Sorkin91,
title        = {{Finitary substitute for continuous topology}},
author       = {R. D. Sorkin},
journal      = {Internat. J. Theoret. Phys.},
pages        = {923 - 947},
volume       = {30},
number       = {7},
year         = {1991}
}

% cb2Bib 1.4.9
@article{Shiraki76,
title        = {{Compact $T_1$-space and the family of finite topological spaces}},
author       = {M. Shiraki},
journal      = {Rep. Fac. Sci. Kagoshima Univ.},
pages        = {1 - 5},
volume       = {No.~9},
year         = {1976}
}

% cb2Bib 1.4.9
@article{Kopperman03a,
title        = {{The approximation of compacta by finite $T_0$-spaces}},
author       = {R. D. Kopperman and V. V. Tkachuk and R. G. Wilson},
journal      = {Quaest. Math.},
pages        = {355 - 370},
volume       = {26},
number       = {3},
year         = {2003}
}

% cb2Bib 1.4.9
@article{Flachsmeyer61,
title        = {{Zur Spektralentwicklung topologischer R{\"a}ume}},
author       = {J. Flachsmeyer},
journal      = {Math. Ann.},
pages        = {253 - 274},
volume       = {144},
year         = {1961}
}

% cb2Bib 1.4.9
@article{Kopperman07,
title        = {{Separation and connectedness in spectral compactifications}},
author       = {R. D. Kopperman and R. G. Wilson},
journal      = {Houston J. Math.},
pages        = {483 - 497},
volume       = {33},
number       = {2},
year         = {2007}
}

% cb2Bib 1.4.9
@article{Kopperman09,
title        = {{Continuous maps on spectral systems and Wallman-type compactifications}},
author       = {R. D. Kopperman and R. G. Wilson},
journal      = {Topology Proc.},
pages        = {203 - 221},
volume       = {34},
year         = {2009}
}

% cb2Bib 1.4.9
@article{Kopperman04,
title        = {{On the role of finite, hereditarily normal spaces and maps in the genesis of compact Hausdorff spaces}},
author       = {R. D. Kopperman and R. G. Wilson},
journal      = {Topology Appl.},
pages        = {265 - 275},
volume       = {135},
number = {1 - 3},
year         = {2004}
}

% cb2Bib 1.4.9
@article{Freudenthal37,
title        = {{Entwicklungen von R{\"a}umen und ihren Gruppen}},
author       = {H. Freudenthal},
journal      = {Compositio Math.},
pages        = {145 - 234},
volume       = {4},
year         = {1937}
}

% cb2Bib 1.4.9
@incollection{Bandt92,
title        = {{Self-similar sets as inverse limits of finite topological spaces}},
author       = {C. Bandt and T. Retta},
booktitle    = {{Topology, measures, and fractals (Warnem{\"u}nde, 1991)}},
series       = {Math. Res.},
pages        = {41 - 46},
volume       = {66},
year         = {1992},
address = {Berlin},
publisher    = {Akademie-Verlag}
}

% П. С. Александров, О понятии пространства в топологии, Успехи Матем. Наук,2/1 (1947), стр. 5–57. 
% cb2Bib 1.4.9
@article{Alexandroff47,
title        = {{O poniatii prostranstwa w topo{\l}ogiiXXX}},
author       = {P. S. Alexandroff},
journal      = {Uspekhi Mat. Nauk},
pages        = {5 - 57},
volume       = {2},
year         = {1947}
}

% cb2Bib 1.4.9
@article{Benedetti13a,
title        = {{The dunce hat and a minimal non-extendably collapsible 3-ball}},
author       = {B. Benedetti and F. H. Lutz},
journal      = {Electron. Geom. Models},
volume       = {XXXbez bfXXXNo. 2013.10.001},
year         = {2013}
}

% cb2Bib 1.4.9
@article{Welker99,
title        = {{Constructions preserving evasiveness and collapsibility}},
author       = {V. Welker},
journal      = {Discrete Math.},
pages        = {243 - 255},
number = {1 - 3},
volume       = {207},
year         = {1999}
}

% cb2Bib 1.4.9
@unpublished{Adiprasito13a,
title        = {{Subdivisions, shellability, and collapsibility of products}},
author       = {K. A. Adiprasito and B. Benedetti},
note         = {Preprint, arXiv:1202.6606v3}
}

% cb2Bib 1.4.9
@article{Segev94,
title        = {{Some remarks on finite 1-acyclic and collapsible complexes}},
author       = {Y. Segev},
journal      = {J. Combin. Theory Ser. A},
pages        = {137 - 150},
number = {1},
volume       = {65},
year         = {1994}
}

% cb2Bib 1.4.9
@article{Segev93,
title        = {{Group actions on finite acyclic simplicial complexes}},
author       = {Y. Segev},
journal      = {Israel J. Math.},
pages        = {381 - 393},
number = {1 - 3},
volume       = {82},
year         = {1993}
}

% cb2Bib 1.4.9
@article{Ginsburg94,
title        = {{Dismantlability revisited for ordered sets and graphs and the fixed-clique property}},
author       = {J. Ginsburg},
journal      = {Canad. Math. Bull.},
pages        = {473 - 481},
volume       = {37},
number       = {4},
year         = {1994}
}

% cb2Bib 1.4.9
@article{Polat98,
title        = {{Graphs without isometric rays and invariant subgraph properties. I.}},
author       = {N. Polat},
journal      = {J. Graph Theory},
pages        = {99 - 109},
volume       = {27},
number       = {2},
year         = {1998}
}

% cb2Bib 1.4.9
@article{Polat93,
title        = {{Finite invariant simplices in infinite graphs}},
author       = {N. Polat},
journal      = {Period. Math. Hungar.},
pages        = {125 - 136},
volume       = {27},
number       = {2},
year         = {1993}
}

% cb2Bib 1.4.9
@article{Polat95,
title        = {{Retract-collapsible graphs and invariant subgraph properties}},
author       = {N. Polat},
journal      = {J.~Graph Theory},
pages        = {25 - 44},
volume       = {19},
number       = {1},
year         = {1995}
}

% cb2Bib 1.4.9
@article{Polat04,
title        = {{Fixed finite subgraph theorems in infinite weakly modular graphs}},
author       = {N. Polat},
journal      = {Discrete Math.},
pages        = {239 - 256},
number = {1-3},
volume       = {285},
year         = {2004}
}

% cb2Bib 1.4.9
@article{Polat97,
title        = {{Finite invariant sets for a family of endomorphisms in compact graphs}},
author       = {N. Polat},
journal      = {Period. Math. Hungar.},
pages        = {217 - 228},
volume       = {34},
number       = {3},
year         = {1997}
}

% cb2Bib 1.4.9
@article{Polat09,
title        = {{Netlike partial cubes. IV. Fixed finite subgraph theorems}},
author       = {N. Polat},
journal      = {European J. Combin.},
pages        = {1194 - 1204},
volume       = {30},
number       = {5},
year         = {2009}
}

% cb2Bib 1.4.9
@unpublished{Baclawski,
title        = {{Properties of generalized cones}},
author       = {K. Baclawski},
note         = {Niepublikowane notatki.}
}

% cb2Bib 1.4.9
@article{Duffus80a,
title        = {{Retracts and the fixed point problem for finite partially ordered sets}},
author       = {D. Duffus and W. Poguntke and I. Rival},
journal      = {Canad. Math. Bull.},
pages        = {231 - 236},
volume       = {23},
number = {2},
year         = {1980},
doi          = {10.4153/CMB-1980-031-2},
url          = {http://dx.doi.org/10.4153/CMB-1980-031-2}
}

% cb2Bib 1.4.9 yyy
@proceedings{Rival82,
title        = {{Ordered sets. (Proceedings of the NATO Advanced Study Institute held at Banff, Canada, August 28 to September 12, 1981)}},
year         = {1982},
editor       = {I. Rival},
volume = {83},
series = {NATO Adv. Sci. Inst. Ser. C Math. Phys. Sci.},
publisher    = {D. Reidel Publishing Co.},
address = {Dordrecht}
}

% cb2Bib 1.4.9
@unpublished{Cuth14,
title        = {{Monotone retractability and retractional skeletons}},
author       = {M. C{\'u}th and O. F. K. Kalenda},
year         = {2014},
note         = {arXiv:1403.4480v1}
}

% cb2Bib 1.4.9
@article{Belanger94,
title        = {{Graphes et ordonnes d{\'e}montables, propri{\'e}t{\'e} de la clique fixe}},
author       = {M. F. B{\'e}langer and J. Constantin and G. Fournier},
journal      = {Discrete Math.},
pages        = {9 - 17},
number = {1 - 3},
volume       = {130},
year         = {1994}
}

% cb2Bib 1.4.9
@article{Constantin85,
title        = {{Ordonnes escamotables et points fixes}},
author       = {J. Constantin and G. Fournier},
journal      = {Discrete Math.},
pages        = {21 - 33},
volume       = {53},
year         = {1985},
doi          = {10.1016/0012-365X(85)90126-8},
url          = {http://dx.doi.org/10.1016/0012-365X(85)90126-8},
Xnote         = {Ordered Sets And Their Applications}
}

% cb2Bib 1.4.9
@article{Tarski55,
title        = {{A lattice-theoretical fixed point theorem and its applications}},
author       = {A. Tarski},
journal      = {Pacific J. Math.},
pages        = {285 - 309},
volume       = {5},
number       = {2},
year         = {1955},
doi          = {10.2140/pjm.1955.5.285}
}

% cb2Bib 1.4.9
@article{Floyd59,
title        = {{An action of a finite group on an n-cell without stationary points}},
author       = {E. E. Floyd and R. W. Richardson},
journal      = {Bull. Amer. Math. Soc.},
pages        = {73 - 76},
volume       = {65},
year         = {1959}
}

% cb2Bib 1.4.9
@incollection{Smith42,
title        = {{Fixed-points of periodic transformations}},
author       = {P. A. Smith},
editor = {S. Lefschetz},
booktitle = {Algebraic topology},
chapter = {Appendix A XXX},
series      = {Amer. Math. Soc. Coll. Pub.},
pages        = {350 - 373},
volume       = {27},
address = {New York},
publisher = {American Mathematical Society},
year         = {1942}
}

% cb2Bib 1.4.9
@article{Espinola06,
title        = {{Fixed point theorems in $\mathbb{R}$-trees with applications to graph theory}},
author       = {R. Esp{\'i}nola and W. A. Kirk},
journal      = {Topology Appl.},
pages        = {1046 - 1055},
volume       = {153},
number       = {7},
year         = {2006},
doi          = {10.1016/j.topol.2005.03.001}
}

% cb2Bib 1.4.9
@article{Lutz01,
title        = {{Some results related to the Evasiveness Conjecture}},
author       = {F. H. Lutz},
journal      = {J. Comb. Theory, Ser. B},
pages        = {110 - 124},
number = {1},
volume       = {81},
year         = {2001}
}

% cb2Bib 1.4.9
@article{Lutz02,
title        = {{Examples of $\mathbb{Z}$-acyclic and contractible vertex-homogeneous simplicial complexes}},
author       = {F. H. Lutz},
journal      = {Discrete Comput. Geom.},
pages        = {137 - 154},
number = {1},
volume       = {27},
year         = {2002}
}

% cb2Bib 1.4.9
@misc{Baclawskia,
author       = {K. Baclawski},
note       = {Prywatna korespondencja z autorem, 7~marca~2013.}
}

@misc{Vilches,
author       = {J. A. Vilches},
note       = {Prywatna korespondencja z~autorem, 16 grudnia 2011.}
}

% cb2Bib 1.4.9
@article{Schroder93,
title        = {{Fixed point property for 11-element sets}},
author       = {B. S. W. Schr{\"o}der},
journal      = {Order},
pages        = {329 - 347},
volume       = {10},
number = {4},
year         = {1993}
}

% cb2Bib 1.4.9
@book{Walker74,
title        = {{The Stone-{\v{C}}ech compactification}},
author       = {R. C. Walker},
series       = {Ergeb. Math. Grenzgeb.},
volume       = {83 XXX Band zamiast Volume},
year         = {1974},
address = {New York / Berlin},
publisher    = {Springer},
doi	     = {10.1007/978-3-642-61935-9}
}

% cb2Bib 1.4.9
@article{Brown84,
title        = {{An infinite-dimensional torsion-free $FP_\infty$ group}},
author       = {K. S. Brown and R. Geoghegan},
journal      = {Invent. Math.},
pages        = {367 - 381},
number = {2},
volume       = {77},
year         = {1984}
}

% cb2Bib 1.4.9
@article{Kozlov06,
title        = {{Collapsing along monotone poset maps}},
author       = {D. Kozlov},
journal      = {Int. J. Math. Math. Sci.},
volume       = {2006},
number	     = {2},
pages = {{article ID 79858, 8 pp.}},
doi          = {10.1155/IJMMS/2006/79858},
year         = {2006}
}

% cb2Bib 1.4.9
@article{Baclawski77,
title        = {{Galois connections and the Leray spectral sequence}},
author       = {K. Baclawski},
journal      = {Adv. Math.},
pages        = {191 - 215},
volume       = {25},
number = {3},
year         = {1977}
}

% cb2Bib 1.4.9
@article{Bjorner83,
title        = {{A homotopy complementation formula for partially ordered sets}},
author       = {A. Bj{\"o}rner and J. W. Walker},
journal      = {European J. Combin.},
pages        = {11 - 19},
volume       = {4},
number = {1},
year         = {1983}
}

% cb2Bib 1.4.9
@article{Crapo66,
title        = {{The M{\"o}bius function of a lattice}},
author       = {H. Crapo},
journal      = {J. Combin. Theory},
pages        = {126 - 131},
volume       = {1},
year         = {1966}
}
% cb2Bib 1.4.9
@book{Nicolaescu11,
title        = {{An invitation to Morse theory}},
author       = {L. Nicolaescu},
series       = {Universitext},
year         = {2011},
address = {New York},
publisher    = {Springer},
doi          = {10.1007/978-1-4614-1105-5}
}

% cb2Bib 1.4.9
@article{Cairns61,
title        = {{A simple triangulation method for smooth manifolds}},
author       = {S. S. Cairns},
journal      = {Bull. Amer. Math. Soc.},
pages        = {389 - 390},
volume       = {67},
year         = {1961}
}

% cb2Bib 1.4.9
@article{Whitehead61,
title        = {{Manifolds with transverse fields in Euclidean space}},
author       = {J. H. C. Whitehead},
journal      = {Ann. of Math.},
pages        = {154 - 212},
volume       = {73},
year         = {1961},
}

% cb2Bib 1.4.9
@article{Benedetti12,
title        = {{Discrete Morse theory for manifolds with boundary}},
author       = {B. Benedetti},
journal      = {Trans. Amer. Math. Soc.},
pages        = {6631 - 6670},
volume       = {364},
number = {12},
year         = {2012}
}

% cb2Bib 1.4.9
@article{Gallais10,
title        = {{Combinatorial realization of the Thom-Smale complex via discrete Morse theory}},
author       = {{\'E}. Gallais},
journal      = {Ann. Sc. Norm. Super. Pisa Cl. Sci. (5)},
pages        = {229 - 252},
volume       = {9},
number       = {2},
doi = {10.2422/2036-2145.2010.2.01},
year         = {2010}
}

% cb2Bib 1.4.9
@article{Benedetti14,
title        = {{Random discrete Morse theory and a new library of triangulations}},
author       = {B. Benedetti and F. H. Lutz},
journal      = {Exp. Math.},
pages        = {66 - 94},
volume       = {23},
number       = {1},
year         = {2014}
}

% Algebraic and topological aspects. Translated from the Russian by V. V. Minachin 
% Функции на многообразиях : алгебраические и топологические аспекты
% Киев : "Наукова Думка", 1990
% cb2Bib 1.4.9
@book{Sharko93,
title        = {{Functions on manifolds : Algebraic and topological aspects XXX}},
author       = {V. V. Sharko},
series       = {Transl. Math. Monogr.},
volume       = {131},
year         = {1993},
address = {Providence, RI},
publisher    = {American Mathematical Society}
}

% cb2Bib 1.4.9
@article{Crowley08,
title        = {{Simplicial collapsibility, discrete Morse theory, and the geometry of nonpositively curved simplicial complexes}},
author       = {K. Crowley},
journal      = {Geom. Dedicata},
pages        = {35 - 50},
volume       = {133},
year         = {2008}
}

% cb2Bib 1.4.9
@unpublished{Baralic,
title        = {{A note on the combinatorial structure of finite and locally finite simplicial complexes of nonpositive curvature}},
author       = {D. Barali{\'c} and I.-C. Laz{\u a}r},
note         = {Preprint. arXiv:1403.4547v1}
}

% cb2Bib 1.4.9
@book{Spivak99,
title        = {{A comprehensive introduction to differential geometry. Vol. I}},
author       = {M. Spivak},
Xedition      = {3},
year         = {1999},
address = {Houston, TX},
publisher    = {Publish or Perish}
}

% cb2Bib 1.4.9
@MISC {13034,
    TITLE = {Does a triangulation without fixed simplex property always exist?},
    AUTHOR = {D. Panov},
    HOWPUBLISHED = {MathOverflow},
    NOTE = {\newline\mbox{\url{http://mathoverflow.net/q/13034}} [dostęp: 26 października 2010]},
    EPRINT = {http://mathoverflow.net/q/13034},
    URL = {http://mathoverflow.net/q/13034}
}

% cb2Bib 1.4.9
@book{Diestel10,
title        = {{Graph theory}},
author       = {R. Diestel},
series       = {Grad. Texts in Math.},
volume       = {173},
Xedition      = {4},
year         = {2010},
address = {Heidelberg},
publisher    = {Springer}
}

% cb2Bib 1.4.9
@article{West77,
title        = {{Mapping Hilbert cube manifolds to ANR's: A solution of a conjecture of Borsuk}},
author       = {J. E. West},
journal      = {Ann. of Math.},
pages        = {1 - 18},
volume       = {106},
number = {1},
year         = {1977}
}

% cb2Bib 1.4.9
@article{Chapman80,
title        = {{Invariance of torsion and the Borsuk conjecture}},
author       = {T. A. Chapman},
journal      = {Canad. J. Math.},
pages        = {1333 - 1341},
volume       = {32},
number = {6},
year         = {1980},
doi          = {10.4153/CJM-1980-103-5},
url          = {http://dx.doi.org/10.4153/CJM-1980-103-5}
}

% cb2Bib 1.4.9
@unpublished{Barmak,
title        = {{The fixed point property in every weak homotopy type}},
author       = {J. A. Barmak},
url          = {http://arxiv.org/abs/1307.1722},
note         = {Preprint. arXiv:1307.1722v1}
}

% cb2Bib 1.4.9
@misc{EOM-complex,
title        = {{Complex}},
author       = {D. O. Baladze (originator)},
url          = {http://www.encyclopediaofmath.org/index.php?title=Complex&oldid=13102},
note         = {Encyclopedia of Mathematics. URL: http://www.encyclopediaofmath.org/index.php?title=Complex\&oldid=13102}
}

% cb2Bib 1.4.9
@book{Dieudonne09,
title        = {{A history of algebraic and differential topology 1900--1960}},
author       = {J. Dieudonn{\'e}},
series       = {Mod. Birkh{\"a}user Class.},
Xedition      = {Reprint of the 1989 edition},
year         = {2009},
address = {Boston, MA},
publisher    = {Birkh{\"a}user Boston}
}

% cb2Bib 1.4.9
@incollection{James06,
title = {From combinatorial topology to algebraic topology},
pages = {561 - 573},
author = {I. M. James},
booktitle        = {{History of topology}},
editor       = {I. M. James},
year         = {1999},
publisher    = {North-Holland},
address = {Amsterdam}
}

% cb2Bib 1.4.9
@book{Edelsbrunner10,
title        = {{Computational topology. An introduction.}},
author       = {H. Edelsbrunner and J. Harer},
year         = {2010},
address = {Providence, RI},
publisher    = {American Mathematical Society}
}

% cb2Bib 1.4.9
@book{Kaczynski04,
title        = {{Computational homology}},
author       = {T. Kaczynski and K. Mischaikow and M. Mrozek},
series       = {Appl. Math. Sci.},
volume       = {157},
year         = {2004},
address = {New York},
publisher    = {Springer}
}

% cb2Bib 1.4.9
@book{Zomorodian05,
title        = {{Topology for computing}},
author       = {A. Zomorodian},
series       = {Cambridge Monogr. Appl. Comput. Math.},
volume       = {16},
year         = {2005},
address = {Cambridge},
publisher    = {Cambridge University Press}
}

% cb2Bib 1.4.9
@book{Matousek03,
title        = {{Using the Borsuk–Ulam theorem}},
author       = {J. Matou{\v{s}}ek},
series       = {Universitext},
year         = {2003},
publisher    = {Springer},
address = {Berlin},
doi          = {10.1007/978-3-540-76649-0}
}

% cb2Bib 1.4.9
@article{Rival76,
title        = {{A fixed point theorem for finite partially ordered sets}},
author       = {I. Rival},
journal      = {J. Combin. Theory Ser. A},
pages        = {309 - 318},
number = {3},
volume       = {21},
year         = {1976}
}

% cb2Bib 1.4.9
@book{Farber08,
title        = {{Invitation to topological robotics}},
author       = {M. Farber},
series       = {Zur. Lect. Adv. Math.},
address      = {Z{\"u}rich},
year         = {2008},
publisher    = {European Mathematical Society},
doi          = {10.4171/054}
}

% cb2Bib 1.4.9
@book{Kovalevsky08,
title        = {{Geometry of locally finite spaces}},
author       = {V. A. Kovalevsky},
address      = {Berlin},
year         = {2008},
publisher    = {Publishing House Dr. Baerbel Kovalevski}
}

% cb2Bib 1.4.9
@article{Borel60,
title        = {{Homology theory for locally compact spaces.}},
author       = {A. Borel and J. C. Moore},
journal      = {Michigan Math. J.},
pages        = {137 - 159},
volume       = {7},
number       = {2},
year         = {1960}
}

% cb2Bib 1.4.9
@book{Chriss10,
title        = {{Representation theory and complex geometry}},
author       = {N. Chriss and V. Ginzburg},
series       = {Mod. Birkh{\"a}user Class.},
year         = {2010},
publisher    = {Birkh{\"a}user Boston},
address = {Boston, MA},
doi          = {10.1007/978-0-8176-4938-8}
}

% cb2Bib 1.4.9
@incollection{Blanchet05,
title        = {{Combinatorial topology and discrete {M}orse theory}},
author       = {C. Blanchet and {\'E}. Gallais},
booktitle    = {{Differential geometry and topology, discrete and computational geometry}},
series       = {NATO Sci. Ser. III, Comput. Syst. Sci.},
pages        = {31 - 72},
volume       = {197},
year         = {2005},
editor       = {M. Boucetta and J.-M. Morvan},
address = {Amsterdam},
publisher    = {IOS Press}
}

% cb2Bib 1.4.9
@misc{Ronse,
title        = {{B}irkhoff and the {A}lexandrov specialization order},
author       = {C. Ronse},
note        = {\newline\mbox{\url{http://dpt-info.u-strasbg.fr/~cronse/abb.html}} [dostęp: 13 września 2014]},
url          = {http://dpt-info.u-strasbg.fr/~cronse/abb.html}
}

% cb2Bib 1.4.9
@article{Ayala08,
title        = {{Critical elements of proper discrete Morse functions}},
author       = {R. Ayala and L. M. Fern{\'a}ndez and J. A. Vilches},
journal      = {Math. Pannon.},
pages        = {171 - 185},
volume       = {19},
number       = {2},
year         = {2008}
}

% cb2Bib 1.4.9
@article{Ayala09a,
title        = {{Discrete Morse theory on graphs}},
author       = {R. Ayala and L. M. Fern{\'a}ndez and D. Fern{\'a}ndez-Ternero and J. A. Vilches},
journal      = {Topology Appl.},
pages        = {3091 - 3100},
volume       = {156},
number       = {18},
year         = {2009}
}

% cb2Bib 1.4.9
@unpublished{Minian,
title        = {{Some remarks on Morse theory for posets, homological Morse theory and finite manifolds}},
author       = {E. G. Minian},
note         = {Preprint. arXiv:1007.1930v1}
}

